






@article{doi:10.1080/01621459.1990.10476213,
author = { Alan E.   Gelfand  and  Adrian F. M.   Smith },
title = {Sampling-Based Approaches to Calculating Marginal Densities},
journal = {Journal of the American Statistical Association},
volume = {85},
number = {410},
pages = {398-409},
year  = {1990},
publisher = {Taylor & Francis},
doi = {10.1080/01621459.1990.10476213},

URL = { 
        https://www.tandfonline.com/doi/abs/10.1080/01621459.1990.10476213
    
},
eprint = { 
        https://www.tandfonline.com/doi/pdf/10.1080/01621459.1990.10476213
    
}

}


