%% This BibTeX bibliography file was created using BibDesk.
%% https://bibdesk.sourceforge.io/

%% Created for Emanuel Casiano-Diaz at 2022-07-05 09:12:06 -0600 


%% Saved with string encoding Unicode (UTF-8) 



@article{O_Hare_2009,
	author = {A. O'Hare and F. V. Kusmartsev and K. I. Kugel},
	date-added = {2022-07-05 08:57:22 -0600},
	date-modified = {2022-07-05 08:57:22 -0600},
	doi = {10.1103/physrevb.79.014439},
	journal = {Physical Review B},
	month = {jan},
	number = {1},
	publisher = {American Physical Society ({APS})},
	title = {Two-dimensional Ising model with competing interactions: Phase diagram and low-temperature remanent disorder},
	url = {https://doi.org/10.1103%2Fphysrevb.79.014439},
	volume = {79},
	year = 2009,
	bdsk-file-1 = {YnBsaXN0MDDSAQIDBFxyZWxhdGl2ZVBhdGhZYWxpYXNEYXRhXxAkLi4vcmVmZXJlbmNlcy9QaHlzUmV2Qi43OS4wMTQ0MzkucGRmTxEBqgAAAAABqgACAAAMTWFjaW50b3NoIEhEAAAAAAAAAAAAAAAAAAAAAAAAAEJEAAH/////FlBoeXNSZXZCLjc5LjAxNDQzOS5wZGYAAAAAAAAAAAAAAAAAAAAAAAAAAAAAAAAAAAAAAAAAAAAAAAAAAAAAAP////8AAAAAAAAAAAAAAAAAAQACAAAKIGN1AAAAAAAAAAAAAAAAAApyZWZlcmVuY2VzAAIAUC86VXNlcnM6ZWNhc2lhbm86RGVza3RvcDpJc2luZ0NvbnZvbHV0aW9uYWxSQk06cmVmZXJlbmNlczpQaHlzUmV2Qi43OS4wMTQ0MzkucGRmAA4ALgAWAFAAaAB5AHMAUgBlAHYAQgAuADcAOQAuADAAMQA0ADQAMwA5AC4AcABkAGYADwAaAAwATQBhAGMAaQBuAHQAbwBzAGgAIABIAEQAEgBOVXNlcnMvZWNhc2lhbm8vRGVza3RvcC9Jc2luZ0NvbnZvbHV0aW9uYWxSQk0vcmVmZXJlbmNlcy9QaHlzUmV2Qi43OS4wMTQ0MzkucGRmABMAAS8AABUAAgAP//8AAAAIAA0AGgAkAEsAAAAAAAACAQAAAAAAAAAFAAAAAAAAAAAAAAAAAAAB+Q==}}

@article{Alcalde_Puente_2020,
	author = {Daniel Alcalde Puente and Ilya M. Eremin},
	date-added = {2022-07-05 08:57:22 -0600},
	date-modified = {2022-07-05 08:57:22 -0600},
	doi = {10.1103/physrevb.102.195148},
	journal = {Physical Review B},
	month = {nov},
	number = {19},
	publisher = {American Physical Society ({APS})},
	title = {Convolutional restricted Boltzmann machine aided Monte Carlo: An application to Ising and Kitaev models},
	url = {https://doi.org/10.1103%2Fphysrevb.102.195148},
	volume = {102},
	year = 2020,
	bdsk-file-1 = {YnBsaXN0MDDSAQIDBFxyZWxhdGl2ZVBhdGhZYWxpYXNEYXRhXxAlLi4vcmVmZXJlbmNlcy9QaHlzUmV2Qi4xMDIuMTk1MTQ4LnBkZk8RAbAAAAAAAbAAAgAADE1hY2ludG9zaCBIRAAAAAAAAAAAAAAAAAAAAAAAAABCRAAB/////xdQaHlzUmV2Qi4xMDIuMTk1MTQ4LnBkZgAAAAAAAAAAAAAAAAAAAAAAAAAAAAAAAAAAAAAAAAAAAAAAAAAAAAD/////AAAAAFBERiAAAAAAAAEAAgAACiBjdQAAAAAAAAAAAAAAAAAKcmVmZXJlbmNlcwACAFEvOlVzZXJzOmVjYXNpYW5vOkRlc2t0b3A6SXNpbmdDb252b2x1dGlvbmFsUkJNOnJlZmVyZW5jZXM6UGh5c1JldkIuMTAyLjE5NTE0OC5wZGYAAA4AMAAXAFAAaAB5AHMAUgBlAHYAQgAuADEAMAAyAC4AMQA5ADUAMQA0ADgALgBwAGQAZgAPABoADABNAGEAYwBpAG4AdABvAHMAaAAgAEgARAASAE9Vc2Vycy9lY2FzaWFuby9EZXNrdG9wL0lzaW5nQ29udm9sdXRpb25hbFJCTS9yZWZlcmVuY2VzL1BoeXNSZXZCLjEwMi4xOTUxNDgucGRmAAATAAEvAAAVAAIAD///AAAACAANABoAJABMAAAAAAAAAgEAAAAAAAAABQAAAAAAAAAAAAAAAAAAAgA=}}

@article{Yoshioka_2019,
	author = {Nobuyuki Yoshioka and Yutaka Akagi and Hosho Katsura},
	date-added = {2022-07-05 08:57:22 -0600},
	date-modified = {2022-07-05 08:57:22 -0600},
	doi = {10.1103/physreve.99.032113},
	journal = {Physical Review E},
	month = {mar},
	number = {3},
	publisher = {American Physical Society ({APS})},
	title = {Transforming generalized Ising models into Boltzmann machines},
	url = {https://doi.org/10.1103%2Fphysreve.99.032113},
	volume = {99},
	year = 2019,
	bdsk-file-1 = {YnBsaXN0MDDSAQIDBFxyZWxhdGl2ZVBhdGhZYWxpYXNEYXRhXxAkLi4vcmVmZXJlbmNlcy9QaHlzUmV2RS45OS4wMzIxMTMucGRmTxEBqgAAAAABqgACAAAMTWFjaW50b3NoIEhEAAAAAAAAAAAAAAAAAAAAAAAAAEJEAAH/////FlBoeXNSZXZFLjk5LjAzMjExMy5wZGYAAAAAAAAAAAAAAAAAAAAAAAAAAAAAAAAAAAAAAAAAAAAAAAAAAAAAAP////8AAAAAAAAAAAAAAAAAAQACAAAKIGN1AAAAAAAAAAAAAAAAAApyZWZlcmVuY2VzAAIAUC86VXNlcnM6ZWNhc2lhbm86RGVza3RvcDpJc2luZ0NvbnZvbHV0aW9uYWxSQk06cmVmZXJlbmNlczpQaHlzUmV2RS45OS4wMzIxMTMucGRmAA4ALgAWAFAAaAB5AHMAUgBlAHYARQAuADkAOQAuADAAMwAyADEAMQAzAC4AcABkAGYADwAaAAwATQBhAGMAaQBuAHQAbwBzAGgAIABIAEQAEgBOVXNlcnMvZWNhc2lhbm8vRGVza3RvcC9Jc2luZ0NvbnZvbHV0aW9uYWxSQk0vcmVmZXJlbmNlcy9QaHlzUmV2RS45OS4wMzIxMTMucGRmABMAAS8AABUAAgAP//8AAAAIAA0AGgAkAEsAAAAAAAACAQAAAAAAAAAFAAAAAAAAAAAAAAAAAAAB+Q==}}
